<record><leader>00000cas a2200000 a 4500</leader><controlfield tag="001">558822597</controlfield><controlfield tag="008">100318d19921993iluwr ne      0    0eng c</controlfield><datafield ind1=" " ind2=" " tag="010"><subfield code="a">  2010271306</subfield></datafield><datafield ind1=" " ind2=" " tag="040"><subfield code="a">NVF</subfield><subfield code="b">eng</subfield><subfield code="c">NVF</subfield><subfield code="d">OCLCQ</subfield><subfield code="d">OCLCF</subfield><subfield code="d">OCLCO</subfield></datafield><datafield ind1=" " ind2=" " tag="042"><subfield code="a">pcc</subfield></datafield><datafield ind1=" " ind2=" " tag="043"><subfield code="a">n-us-il</subfield></datafield><datafield ind1="0" ind2="0" tag="245"><subfield code="a">Worth-Ridge reporter.</subfield></datafield><datafield ind1=" " ind2=" " tag="260"><subfield code="a">Palos Heights, Ill. :</subfield><subfield code="b">Charles Richards,</subfield><subfield code="c">1992-1993.</subfield></datafield><datafield ind1=" " ind2=" " tag="300"><subfield code="a">v.</subfield></datafield><datafield ind1=" " ind2=" " tag="310"><subfield code="a">Weekly</subfield></datafield><datafield ind1="0" ind2=" " tag="362"><subfield code="a">Vol. 33, no. 2 (Apr. 16, 1992)-v. 34, no. 13 (July 1, 1993).</subfield></datafield><datafield ind1=" " ind2="0" tag="651"><subfield code="a">Worth (Ill.)</subfield><subfield code="v">Newspapers.</subfield></datafield><datafield ind1=" " ind2="0" tag="651"><subfield code="a">Chicago Ridge (Ill.)</subfield><subfield code="v">Newspapers.</subfield></datafield><datafield ind1=" " ind2="0" tag="651"><subfield code="a">Alsip (Ill.)</subfield><subfield code="v">Newspapers.</subfield></datafield><datafield ind1=" " ind2="0" tag="651"><subfield code="a">Evergreen Park (Ill.)</subfield><subfield code="v">Newspapers.</subfield></datafield><datafield ind1=" " ind2="0" tag="651"><subfield code="a">Hickory Hills (Ill.)</subfield><subfield code="v">Newspapers.</subfield></datafield><datafield ind1=" " ind2="0" tag="651"><subfield code="a">Oak Lawn (Ill.)</subfield><subfield code="v">Newspapers.</subfield></datafield><datafield ind1=" " ind2="0" tag="651"><subfield code="a">Palos Hills (Ill.)</subfield><subfield code="v">Newspapers.</subfield></datafield><datafield ind1=" " ind2="7" tag="655"><subfield code="a">Newspapers.</subfield><subfield code="2">fast</subfield><subfield code="0">(OCoLC)fst01423814</subfield></datafield><datafield ind1=" " ind2="7" tag="651"><subfield code="a">Illinois</subfield><subfield code="z">Alsip.</subfield><subfield code="2">fast</subfield><subfield code="0">(OCoLC)fst01227030</subfield></datafield><datafield ind1=" " ind2="7" tag="651"><subfield code="a">Illinois</subfield><subfield code="z">Chicago Ridge.</subfield><subfield code="2">fast</subfield><subfield code="0">(OCoLC)fst01226745</subfield></datafield><datafield ind1=" " ind2="7" tag="651"><subfield code="a">Illinois</subfield><subfield code="z">Evergreen Park.</subfield><subfield code="2">fast</subfield><subfield code="0">(OCoLC)fst01226529</subfield></datafield><datafield ind1=" " ind2="7" tag="651"><subfield code="a">Illinois</subfield><subfield code="z">Hickory Hills.</subfield><subfield code="2">fast</subfield><subfield code="0">(OCoLC)fst01226538</subfield></datafield><datafield ind1=" " ind2="7" tag="651"><subfield code="a">Illinois</subfield><subfield code="z">Oak Lawn.</subfield><subfield code="2">fast</subfield><subfield code="0">(OCoLC)fst01202774</subfield></datafield><datafield ind1=" " ind2="7" tag="651"><subfield code="a">Illinois</subfield><subfield code="z">Palos Hills.</subfield><subfield code="2">fast</subfield><subfield code="0">(OCoLC)fst01277916</subfield></datafield><datafield ind1=" " ind2="7" tag="651"><subfield code="a">Illinois</subfield><subfield code="z">Worth.</subfield><subfield code="2">fast</subfield><subfield code="0">(OCoLC)fst01226744</subfield></datafield><datafield ind1=" " ind2=" " tag="752"><subfield code="a">United States</subfield><subfield code="b">Illinois</subfield><subfield code="c">Cook</subfield><subfield code="d">Palos Heights.</subfield></datafield><datafield ind1="0" ind2=" " tag="775"><subfield code="t">Reporter (Palos Heights, Ill. : Palos Hills-Hickory Hills ed.)</subfield><subfield code="w">(DLC)sn2002060724</subfield><subfield code="w">(OCoLC)48984827</subfield></datafield><datafield ind1="0" ind2=" " tag="775"><subfield code="t">Reporter (Palos Heights, Ill. : Oak Lawn-Evergreen Park ed.)</subfield><subfield code="w">(DLC)sn2001063220</subfield><subfield code="w">(OCoLC)47047540</subfield></datafield><datafield ind1="0" ind2="0" tag="780"><subfield code="t">Worth-Palos reporter</subfield><subfield code="w">(DLC)sn 94060687</subfield><subfield code="w">(OCoLC)31282621</subfield></datafield><datafield ind1="0" ind2="0" tag="785"><subfield code="t">Reporter (Palos Heights, Ill. : Worth-Chicago Ridge ed.)</subfield><subfield code="w">(DLC)sn2002060725</subfield><subfield code="w">(OCoLC)48984822</subfield></datafield></record>